@mastersthesis{wfar,
  author = "Walter Fariña",
  title = "Diseño conceptual de un Observatorio Virtual para ALMA",
  school = "Universidad Técnica Federico Santa María",
  year = "2013",
  month = "noviembre",
}