@booklet{ivoaArq,
    author       = "Arviset, C. and Gaudet, S. and IVOA Technical Coordination Group",
    title        = "The IVOA Architecture",
    howpublished = "European Planetary Science Congress 2012, held 23-28 September, 2012 in Madrid, Spain. \url{http://meetings.copernicus.org/epsc2012}, id. EPSC2012-626",
    year         = "2012",
    month        = "septiembre",
}


