@inproceedings{deployActivities, 
	author = {Mäntylä, M.V. and Vanhanen, J.}, 
	booktitle = {Software Maintenance and Reengineering (CSMR), 2011 15th European Conference on}, 
	title = {Software Deployment Activities and Challenges - A Case Study of Four Software Product Companies}, 
	year = {2011}, 
	month = {March}, 
	pages = {131-140}, 
	keywords={customer satisfaction;software development management;commercial off-the-shelf software products;customer interaction;product configuration;product installation;product integration;product testing;software deployment;software product company;software vendors;Companies;Interviews;Personnel;Software;Testing;Training;deployment activities;industrial case study;installablity;software deployment process}, 
	doi = {10.1109/CSMR.2011.19}, 
	ISSN = {1534-5351},
}

@book{cmm,
	author = {CMMI product team},
	title = {Capability Maturity Model\copyright{} Integration (CMMI\textsuperscript{SM}), Version 1.1: CMMI\textsuperscript{SM} for Systems Engineering, Software Engineering, Integrated Product and Process Development, and Supplier Sourcing},
	publisher = {Carnegie Mellon University},
	year = {2002},
}

@book{itil,
	author = {Office of Govermment Commerce},
	title = {ITIL Service Transition},
	publisher = {TSO (The Stationery Office)},
	year = {2007},
}

@book{swebok,
	editor = {Abran, Alain and Bourque, Pierre and Dupuis, Robert and Moore, James W.},
	title = {Guide to the Software Engineering Body of Knowledge - SWEBOK},
	year = {2001},
	isbn = {0769510000},
	publisher = {IEEE Press},
	address = {Piscataway, NJ, USA},
}

@misc{flask,
	author = {Armin Ronacher},
	title = {Flask, web development, one drop at a time},
	howpublished = {\url{http://flask.pocoo.org/}},
}
