@misc{fits,
  author = "Astropy",
  title = "Edit a \textsc{FITS} header",
  howpublished = "Retrieved 12 de 07 de 2013 from Astropy Tutorials: \url{http://www.astropy.org/astropy-tutorials/FITS-header.html}",
}

@proceedings{ndu,
  title = "Noticias del universo",
  year = "2009",
  number = "21",
  series = "Expoastronomía",
  organization = "EXPLORA CONICYT",
}

@techreport{iri,
  author = "G. Garay",
  title = "Introduction to Radio-Interferometry",
  institution = "Departamento de Astronomía, Universidad de Chile",
  year = "",
  address = "Santiago, Chile",
}

@proceedings{10hubble,
  title = "Diez años de investigación con el telescopio espacial HUBBLE",
  organization = "Instituto de Astrofísica de Andalucía",
  year = "2000",
  number = "20",
  series = "Información y Actualidad Astronómica",
}

@techreport{cdc,
  author = "M. Heiseg",
  title = "Cerca del Cielo",
  year = "2007",
  institution = "ESO",
  address = "Santiago",
}

@techreport{landsat,
  author = "L. A. J.",
  title = "Fusión de Imágenes del Satélite Landsat Tematic Mapper y de Radar de Apertura Sintética Aerotransportado para Facilitar la Delineación del Litoral",
  year = "1995",
  institution = "Louisiana State University",
  address = "USA",
}

@misc{AIVO,
  author = "La Tercera", 
  title = "Datos de Alma serán parte de la Alianza Internacional de Observatorios Virtuales",
  year = "2013",
  month = "12 de mayo",
}

@techreport{SPECT,
  author = "P. J. Lewis and A. Siegel and A. M. Siegel and C. Studholme and Sojko- va and J. and D. W. Roberts et. al.",
  title = "Does performing image registration and subtraction in ictal brain SPECT help localize neocortical seizures?",
  year = "2000",
  institution = "Department of Radiology", 
  address = "USA",
}

@techreport{orto,
  author = "J. Miguel",
  title = "Integración de ortoimágenes de radar del proyecto CARTOSUR con datos ópticos provenientes de las imágenes LANDSAT con fines de interpretación visual",
  year = "2003",
  institution = "Instituto Geográfico de Venezuela Simón Bolívar",
  address = "Venezuela",
}

@misc{python,
  author = "Python",
  title = "Mathematical functions",
  howpublished = "Retrieved 12 de 05 de 2013 from Numeric and Mathematical Modules: \url{https://docs.python.org/2/library/math.html}",
}

@techreport{pmn,
  author = "J. Rogan and V. Muñoz",
  title = "Programación y Métodos numéricos",
  year = "2012",
  institution = "Universidad de Chile",
  address = "Chile",
}
