@article{votable,
  title={VOTable Format Definition},
  author={Ochsenbein, Francois and Williams, R and Davenhall, C and Durand, D and Fernique, P and Giaretta, D and Hanisch, R and McGlynn, T and Szalay, AS and Taylor, MB and others},
  journal={Proposed Recommendation Version},
  volume={1},
  year={2004}
}

@misc{hrequerimientos,
    title = {Hito 1 ChiVO: Informe de requerimientos},
    howpublished = {\url{https://github.com/ChileanVirtualObservatory/hrequerimientos}},
    @year = {2013},
    note = {Online; accessed 11-13-2013},
    }

@misc{voview,
    title = {VOview display VO Tables in a web browser},
    howpublished = {\url{http://code.google.com/p/voview/}},
    @year = {2010},
    note = {Online; accessed 10-17-2013},
    }

@misc{ror,
    title = {Ruby on rails web development},
    howpublished = {\url{http://rubyonrails.org}},
    @year = {2005},
    note = {Online; accessed 10-17-2013},
    }

@misc{dachs,
    title = {GAVO DC Software},
    howpublished = {\url{http://vo.ari.uni-heidelberg.de/soft/}},
    @year = {2008},
    note = {Online; accessed 10-17-2013},
    }

@misc{flask,
    title = {Flask web development, one drop at a time},
    howpublished = {\url{http://flask.pocoo.org}},
    @year = {2013},
    note = {Online; accessed 10-17-2013},
    }

@misc{psql,
    title = {PostgreSQL: The world's most advanced open source database},
    howpublished = {\url{http://www.postgresql.org}},
    @year = {1995},
    note = {Online; accessed 10-17-2013},
    }

@misc{pgsphere,
    title = {pgSphere 1.1},
    howpublished = {\url{http://pgsphere.projects.pgfoundry.org}},
    @year = {1995},
    note = {Online; accessed 10-17-2013},
    }

@article{obscore,
  title={Observation Data Model Core Components and its Implementation in the Table Access Protocol},
  author={Louys, Mireille and Bonnarel, Francois and Schade, David and Dowler, Patrick and Micol, Alberto and Durand, Daniel and Tody, Doug and Michel, Laurent and Salgado, Jesus and Chilingarian, Igor and others},
  year={2011}
}

@article{scs,
  title={Simple Cone Search Version 1.03},
  author={Williams, Roy and Hanisch, Robert and Szalay, Alex and Plante, Ray},
  journal={IVOA Data Access Layer WG Reccommendation},
  year={2008}
}

@misc{sia,
  title={Simple image access specification version 1.0},
  author={Tody, Doug and Plante, Ray and Harrison, Paul},
  year={2004},
  publisher={IVOA Working Draft}
}

@article{ssa,
  title={Simple Spectral Access Protocol},
  author={Tody, D and Dolensky, M and McDowell, J and Bonnarel, F and others},
  journal={http://www. ivoa. net/Documents/REC/DAL/SSA-20080201. pdf. IVOA Standards},
  year={2008}
}

@article{tap,
  title={Table access protocol version 1.0},
  author={Dowler, Patric and Rixon, Guy and Tody, Doug and Andrews, K and Good, J and Hanisch, R and Lemson, G and McGlynn, T and Noddle, K and Ochsenbein, F and others},
  journal={IVOA Recommendation, March},
  year={2010}
}
